<?xml version="1.0" encoding="UTF-8"?><record xmlns="http://www.loc.gov/MARC21/slim" xmlns:cinclude="http://apache.org/cocoon/include/1.0" xmlns:zs="http://www.loc.gov/zing/srw/">
  <leader>00483cz  a2200145n  4500</leader>
  <controlfield tag="001">no2010194360</controlfield>
  <controlfield tag="003">DLC</controlfield>
  <controlfield tag="005">20110210075145.0</controlfield>
  <controlfield tag="008">101201n| azannaabn          |a aaa     c</controlfield>
  <datafield tag="010" ind1=" " ind2=" ">
    <subfield code="a">no2010194360</subfield>
  </datafield>
  <datafield tag="035" ind1=" " ind2=" ">
    <subfield code="a">(OCoLC)oca08701954</subfield>
  </datafield>
  <datafield tag="040" ind1=" " ind2=" ">
    <subfield code="a">ICU</subfield>
    <subfield code="b">eng</subfield>
    <subfield code="c">ICU</subfield>
    <subfield code="e">rda</subfield>
    <subfield code="d">ICU</subfield>
    <subfield code="d">DLC</subfield>
  </datafield>
  <datafield tag="100" ind1="1" ind2=" ">
    <subfield code="a">Sañjhagirī, Dvārakānātha</subfield>
  </datafield>
  <datafield tag="400" ind1="0" ind2=" ">
    <subfield code="a">Dvārakānātha Sañjhagirī</subfield>
  </datafield>
  <datafield tag="670" ind1=" " ind2=" ">
    <subfield code="a">Dilakhulāsa bātacīta krikeṭapaṭū̃śī, 2010:</subfield>
    <subfield code="b">title page (Dvārakānātha Sañjhagirī)</subfield>
  </datafield>
</record>